<record><leader>00000cas a22000007a 4500</leader><controlfield tag="001">37710434</controlfield><controlfield tag="008">970930d188u1uuuncuwr ne      0    0eng d</controlfield><datafield ind1=" " ind2=" " tag="010"><subfield code="a">sn 97064565 </subfield></datafield><datafield ind1=" " ind2=" " tag="040"><subfield code="a">NVJ</subfield><subfield code="b">eng</subfield><subfield code="c">NVJ</subfield><subfield code="d">OCLCQ</subfield></datafield><datafield ind1=" " ind2=" " tag="042"><subfield code="a">msc</subfield></datafield><datafield ind1="0" ind2="0" tag="245"><subfield code="a">No. 4.</subfield></datafield><datafield ind1="3" ind2=" " tag="246"><subfield code="a">Number four</subfield></datafield><datafield ind1=" " ind2=" " tag="260"><subfield code="a">Highlands, Macon Co., N.C. :</subfield><subfield code="b">No. 4 Pub. Co.</subfield></datafield><datafield ind1=" " ind2=" " tag="300"><subfield code="a">v.</subfield></datafield><datafield ind1=" " ind2=" " tag="310"><subfield code="a">Weekly</subfield></datafield><datafield ind1=" " ind2=" " tag="588"><subfield code="a">Description based on: Vol. 1, no. 3 (June 20, 1891) = old ser., v. 6.</subfield></datafield><datafield ind1=" " ind2=" " tag="752"><subfield code="a">United States</subfield><subfield code="b">North Carolina</subfield><subfield code="c">Macon</subfield><subfield code="d">Highlands.</subfield></datafield></record>